%trick for sorting with van and von

@book{dendy1995plasma,
  title={Plasma physics: an introductory course},
  author={Dendy, Richard O.},
  year={1995},
  publisher={Cambridge University Press}
}

@book{goedbloed2004principles,
  title={Principles of magnetohydrodynamics: with applications to laboratory and astrophysical plasmas},
  author={Goedbloed, JP Hans and Goedbloed, JP and Poedts, Stefaan},
  year={2004},
  publisher={Cambridge university press}
}

@book{spatschek2013high,
  title={High temperature plasmas: theory and mathematical tools for laser and fusion plasmas},
  author={Spatschek, Karl-Heinz},
  year={2013},
  publisher={John Wiley \& Sons}
}

@book{morsenuclear,
author={Morse,Edward},
title={Nuclear Fusion},
publisher={Springer International Publishing},
address={Cham},
keywords={Energy; Nuclear Energy; Nuclear Fusion; Nuclear Physics, Heavy Ions, Hadrons; Physics and Astronomy; Plasma Physics},
isbn={1868-4513},
language={English},
}

@article{braginskii1965transport,
  title={Transport processes in a plasma},
  author={Braginskii, S. I.},
  journal={Reviews of plasma physics},
  volume={1},
  year={1965},
  publisher={Consultants Bureau}
}

@article{arter2020,
  title={Excalibur equations for neptune proxyapps - draft},
  author={Arter, W. and Akers, R.},
  journal={Technical report},
  year={2020},
  publisher={UK Atomic Energy Authority (UKAEA)}
}

@book{karniadakis2013spectral,
  title={Spectral/hp element methods for computational fluid dynamics},
  author={Karniadakis, George and Sherwin, Spencer},
  year={2013},
  publisher={Oxford University Press}
}

@techreport{richardson20192019,
  title={2019 {NRL Plasma Formulary}},
  author={Richardson, Andrew S},
  year={2019},
  institution={US Naval Research Laboratory}
}

@article{cantwell2015nektar++,
  title={Nektar++: An open-source spectral/hp element framework},
  author={Cantwell, Chris D and Moxey, David and Comerford, Andrew and Bolis, Alessandro and Rocco, Gabriele and Mengaldo, Gianmarco and De Grazia, Daniele and Yakovlev, Sergey and Lombard, J-E and Ekelschot, Dirk and others},
  journal={Computer physics communications},
  volume={192},
  pages={205--219},
  year={2015},
  publisher={Elsevier}
}






